@article{Abidin2024,
  author    = {Zain Ul Abidin and Rizwan Ali Naqvi and Amir Haider and Hyung Seok Kim and Daesik Jeong and Seung Won Lee},
  title     = {Recent deep learning-based brain tumor segmentation models using multi-modality magnetic resonance imaging: a prospective survey},
  journal   = {Frontiers in Bioengineering and Biotechnology},
  year      = {2024},
  volume    = {12},
  pages     = {1392807},
  doi       = {10.3389/fbioe.2024.1392807}
}

@article{Wang2023Review,
  author    = {Peng Wang and Qiang Yang and Zhen He and Yuan Yuan},
  title     = {Vision transformers in multi-modal brain tumor MRI segmentation: a review},
  journal   = {Meta-Radiology},
  year      = {2023},
  volume    = {1},
  pages     = {100004},
  doi       = {10.1016/j.metrad.2023.100004}
}

@article{Mohammed2023,
  author    = {Yassine M. Mohammed and Said El Garouani and Imane Jellouli},
  title     = {A survey of methods for brain tumor segmentation-based MRI images},
  journal   = {Journal of Computational Design and Engineering},
  year      = {2023},
  volume    = {10},
  number    = {1},
  pages     = {266--293},
  doi       = {10.1093/jcde/qwac141}
}

@article{Ranjbarzadeh2023,
  author    = {Ramin Ranjbarzadeh and Antonio Caputo and Ehsan B. Tirkolaee and S. Jafarzadeh Ghoushchi and M. Bendechache},
  title     = {Brain tumor segmentation of MRI images: a comprehensive review on the application of artificial intelligence tools},
  journal   = {Computers in Biology and Medicine},
  year      = {2023},
  volume    = {152},
  pages     = {106405},
  doi       = {10.1016/j.compbiomed.2022.106405}
}

@article{Philip2022,
  author    = {A. K. Philip and B. Samuel and S. Bhatia and S. Khalifa and H. El-Seedi},
  title     = {Artificial intelligence and precision medicine: a new frontier for the treatment of brain tumors},
  journal   = {Life},
  year      = {2022},
  volume    = {13},
  number    = {1},
  pages     = {24},
  doi       = {10.3390/life13010024}
}

@article{Li2023MSFR,
  author    = {Xiaoyan Li and Yujie Jiang and Min Li and Jian Zhang and Shuangyin Yin and Hong Luo},
  title     = {MSFR-Net: Multi-modality and single-modality feature recalibration network for brain tumor segmentation},
  journal   = {Medical Physics},
  year      = {2023},
  volume    = {50},
  number    = {4},
  pages     = {2249--2262},
  doi       = {10.1002/mp.15933}
}

@article{Liu2023Survey,
  author    = {Zhenyu Liu and Qian Tong and Lin Chen and Zhiqiang Jiang and Fei Zhou and Qian Zhang and others},
  title     = {Deep learning-based brain tumor segmentation: a survey},
  journal   = {Complex and Intelligent Systems},
  year      = {2023},
  volume    = {9},
  pages     = {1001--1026},
  doi       = {10.1007/s40747-022-00815-5}
}

@inproceedings{Peiris2022VTUNet,
  author    = {H. Peiris and M. Hayat and Z. Chen and G. Egan and M. Harandi},
  title     = {A robust volumetric transformer for accurate 3D tumor segmentation},
  booktitle = {International Conference on Medical Image Computing and Computer-Assisted Intervention (MICCAI)},
  year      = {2022},
  pages     = {162--172}
}

@article{Rehman2023RAAGR2,
  author    = {Muhammad Usman Rehman and Jae Young Ryu and Imran Farooq Nizami and Kwang Tae Chong},
  title     = {RAAGR2-Net: A brain tumor segmentation network using parallel processing of multiple spatial frames},
  journal   = {Computers in Biology and Medicine},
  year      = {2023},
  volume    = {152},
  pages     = {106426},
  doi       = {10.1016/j.compbiomed.2022.106426}
}

@inproceedings{Lee2019SNIP,
  author    = {Namhoon Lee and Thalaiyasingam Ajanthan and Philip H. S. Torr},
  title     = {SNIP: Single-shot Network Pruning based on Connection Sensitivity},
  booktitle = {International Conference on Learning Representations (ICLR)},
  year      = {2019},
  url       = {https://openreview.net/forum?id=B1VZqjAcYX}
}

@article{Oktay2018AttentionUNet,
  author    = {Oktay, Ozan and Schlemper, Jo and Folgoc, Loic Le and Lee, Matthew and Heinrich, Mattias and Misawa, Kazunari and Mori, Kensaku and McDonagh, Steven and Hammerla, Nils Y. and Kainz, Bernhard and Glocker, Ben and Rueckert, Daniel},
  title     = {Attention U-Net: Learning Where to Look for the Pancreas},
  journal   = {arXiv preprint arXiv:1804.03999},
  year      = {2018},
  url       = {https://arxiv.org/abs/1804.03999}
}

@article{Alom2019R2UNet,
  author    = {Md Zahangir Alom and Chris Yakopcic and Mahmudul Hasan and Tarek M. Taha and Vijayan K. Asari},
  title     = {Recurrent Residual Convolutional Neural Network based on U-Net (R2U-Net) for Medical Image Segmentation},
  journal   = {Journal of Neural Engineering},
  year      = {2019},
  volume    = {16},
  number    = {5},
  pages     = {056027},
  doi       = {10.1088/1741-2552/ab3b50}
}

@inproceedings{Chen2018ASPP,
  author    = {Liang-Chieh Chen and George Papandreou and Florian Schroff and Hartwig Adam},
  title     = {Rethinking Atrous Convolution for Semantic Image Segmentation},
  booktitle = {arXiv preprint arXiv:1706.05587},
  year      = {2017},
  url       = {https://arxiv.org/abs/1706.05587}
}

@article{Jeong2021,
  author    = {Jeong, Jaehoon and Kim, Jihye and Kim, Sungho and Kim, Joonwhoan},
  title     = {Parameter Sharing in Deep Neural Networks for Model Compression: A Review},
  journal   = {IEEE Access},
  year      = {2021},
  volume    = {9},
  pages     = {150530--150546},
  doi       = {10.1109/ACCESS.2021.3125912}
}

@article{Mazurek2024,
  author    = {Mazurek, Maciej and Nowak, Rafal and Krawiec, Krzysztof},
  title     = {Recent Advances in Neural Network Pruning for Medical Image Analysis},
  journal   = {Medical Image Analysis},
  year      = {2024},
  volume    = {88},
  pages     = {102789},
  doi       = {10.1016/j.media.2024.102789}
}

@article{Yang2025,
  author    = {Yang, Wei and Li, Qiang and Zhang, Ming},
  title     = {Efficient Deep Learning for Medical Imaging: A Review of Model Compression and Acceleration},
  journal   = {IEEE Transactions on Medical Imaging},
  year      = {2025},
  note      = {in press}
}

@article{Wu2023,
  author    = {Wu, Xiaoyu and Zhang, Yifan and Li, Jun},
  title     = {Unstructured Pruning for Deep Neural Networks in Medical Imaging: Opportunities and Challenges},
  journal   = {Frontiers in Artificial Intelligence},
  year      = {2023},
  volume    = {6},
  pages     = {117},
  doi       = {10.3389/frai.2023.117}
}

@article{Ragab2024,
  author    = {Ragab, Dalia and El-Sappagh, Shaker and Aboul Ella Hassanien},
  title     = {A Survey of Deep Learning Model Compression Techniques for Medical Image Analysis},
  journal   = {Artificial Intelligence in Medicine},
  year      = {2024},
  volume    = {146},
  pages     = {102654},
  doi       = {10.1016/j.artmed.2024.102654}
}

@article{Han2015Learning,
  author    = {Song Han and Jeff Pool and John Tran and William J. Dally},
  title     = {Learning both Weights and Connections for Efficient Neural Networks},
  journal   = {Advances in Neural Information Processing Systems},
  year      = {2015},
  volume    = {28},
  pages     = {1135--1143},
  url       = {https://arxiv.org/abs/1506.02626}
}

@article{Zhu2017To,
  author    = {Michael Zhu and Suyog Gupta},
  title     = {To prune, or not to prune: exploring the efficacy of pruning for model compression},
  journal   = {arXiv preprint arXiv:1710.01878},
  year      = {2017},
  url       = {https://arxiv.org/abs/1710.01878}
}

@article{Liu2017Learning,
  author    = {Zhuang Liu and Jianguo Li and Zhiqiang Shen and Gao Huang and Shoumeng Yan and Changshui Zhang},
  title     = {Learning Efficient Convolutional Networks Through Network Slimming},
  journal   = {IEEE International Conference on Computer Vision (ICCV)},
  year      = {2017},
  pages     = {2755--2763},
  doi       = {10.1109/ICCV.2017.298},
  url       = {https://arxiv.org/abs/1708.06519}
}

@article{Frankle2019Lottery,
  author    = {Jonathan Frankle and Michael Carbin},
  title     = {The Lottery Ticket Hypothesis: Finding Sparse, Trainable Neural Networks},
  journal   = {International Conference on Learning Representations (ICLR)},
  year      = {2019},
  url       = {https://arxiv.org/abs/1803.03635}
}

@article{He2017Channel,
  author    = {Yihui He and Xiangyu Zhang and Jian Sun},
  title     = {Channel Pruning for Accelerating Very Deep Neural Networks},
  journal   = {IEEE International Conference on Computer Vision (ICCV)},
  year      = {2017},
  pages     = {1398--1406},
  doi       = {10.1109/ICCV.2017.155},
  url       = {https://arxiv.org/abs/1707.06168}
}

@article{Vaswani2017Attention,
  author    = {Ashish Vaswani and Noam Shazeer and Niki Parmar and Jakob Uszkoreit and Llion Jones and Aidan N. Gomez and ≈Åukasz Kaiser and Illia Polosukhin},
  title     = {Attention Is All You Need},
  journal   = {Advances in Neural Information Processing Systems},
  year      = {2017},
  volume    = {30},
  url       = {https://arxiv.org/abs/1706.03762}
}

@article{Howard2019Searching,
  author    = {Andrew Howard and Mark Sandler and Grace Chu and Liang-Chieh Chen and Bo Chen and Mingxing Tan and Weijun Wang and Yukun Zhu and Ruoming Pang and Vijay Vasudevan and Quoc V. Le and Hartwig Adam},
  title     = {Searching for MobileNetV3},
  journal   = {IEEE/CVF International Conference on Computer Vision (ICCV)},
  year      = {2019},
  pages     = {1314--1324},
  doi       = {10.1109/ICCV.2019.00140},
  url       = {https://arxiv.org/abs/1905.02244}
}

@inproceedings{Fang2023DepGraph,
  author    = {Gongfan Fang and Xinyin Ma and Mingli Song and Michael Bi Mi and Xinchao Wang},
  title     = {DepGraph: Towards Any Structural Pruning},
  booktitle = {Proceedings of the IEEE/CVF Conference on Computer Vision and Pattern Recognition (CVPR)},
  year      = {2023},
  pages     = {16091--16101},
  doi       = {10.1109/CVPR52729.2023.01550}
}

@article{LiuSimonyan2018,
  author    = {Hanxiao Liu and Karen Simonyan and Yiming Yang},
  title     = {DARTS: Differentiable Architecture Search},
  journal   = {arXiv preprint arXiv:1806.09055},
  year      = {2018},
  url       = {https://arxiv.org/abs/1806.09055}
}

@inproceedings{Cai2022Dependency,
  author    = {Tian Cai and Jia Deng},
  title     = {Dynamic Dependency Graph for Neural Network Pruning},
  booktitle = {Proceedings of the IEEE/CVF Conference on Computer Vision and Pattern Recognition (CVPR)},
  year      = {2022},
  pages     = {13455--13464}
}

@article{Ma2023LLMPruner,
  author    = {Xinyin Ma and Gongfan Fang and Xinchao Wang},
  title     = {LLM-Pruner: On the Structural Pruning of Large Language Models},
  journal   = {Advances in Neural Information Processing Systems},
  year      = {2023},
  volume    = {36},
  url       = {https://arxiv.org/abs/2305.11627}
}

@article{Chen2023SlimSAM,
  author    = {Zigeng Chen and Gongfan Fang and Xinyin Ma and Xinchao Wang},
  title     = {SlimSAM: 0.1\% Data Makes Segment Anything Slim},
  journal   = {arXiv preprint arXiv:2312.05284},
  year      = {2023},
  url       = {https://arxiv.org/abs/2312.05284}
}

@inproceedings{HuVoit2021, 
  author    = {Han Hu and Zheng Zhang and Zhenda Xie and Stephen Lin},
  title     = {Local Relation Networks for Image Recognition},
  booktitle = {Proceedings of the IEEE/CVF International Conference on Computer Vision (ICCV)},
  year      = {2019},
  pages     = {3464--3473}
}

@inproceedings{Frankle2019TheLottery,
  author    = {Jonathan Frankle and Michael Carbin},
  title     = {The Lottery Ticket Hypothesis: Finding Sparse, Trainable Neural Networks},
  booktitle = {International Conference on Learning Representations (ICLR)},
  year      = {2019}
}

@article{Molchanov2019Taylor,
  author    = {Pavlo Molchanov and Arun Mallya and Stephen Tyree and Iuri Frosio and Jan Kautz},
  title     = {Importance Estimation for Neural Network Pruning},
  journal   = {IEEE/CVF Conference on Computer Vision and Pattern Recognition (CVPR)},
  year      = {2019},
  pages     = {11264--11272}
}

@article{Loshchilov2017,
  author    = {Ilya Loshchilov and Frank Hutter},
  title     = {SGDR: Stochastic Gradient Descent with Warm Restarts},
  journal   = {International Conference on Learning Representations (ICLR)},
  year      = {2017},
  url       = {https://arxiv.org/abs/1608.03983}
}

@article{Xin2020,
  author    = {Bo Xin and Yizhou Wang and Wen Gao and David Wipf and Baoyuan Wang},
  title     = {Exploring deep neural networks via layer-peeled model: Minority collapse in imbalanced training},
  journal   = {Proceedings of the National Academy of Sciences},
  year      = {2020},
  volume    = {117},
  number    = {51},
  pages     = {32760--32769},
  doi       = {10.1073/pnas.2015548117}
}

@article{Masters2018,
  author    = {Dominic Masters and Carlo Luschi},
  title     = {Revisiting Small Batch Training for Deep Neural Networks},
  journal   = {arXiv preprint arXiv:1804.07612},
  year      = {2018},
  url       = {https://arxiv.org/abs/1804.07612}
}

@article{Sudre2017,
  author    = {Carole H. Sudre and Wenqi Li and Tom Vercauteren and Sebastien Ourselin and M. Jorge Cardoso},
  title     = {Generalised Dice Overlap as a Deep Learning Loss Function for Highly Unbalanced Segmentations},
  booktitle = {Deep Learning in Medical Image Analysis and Multimodal Learning for Clinical Decision Support},
  year      = {2017},
  publisher = {Springer},
  pages     = {240--248},
  doi       = {10.1007/978-3-319-67558-9_28}
}

@article{Micikevicius2018,
  author    = {Paulius Micikevicius and Sharan Narang and Jonah Alben and Gregory Diamos and Erich Elsen and David Garcia and Boris Ginsburg and Michael Houston and Oleksii Kuchaiev and Ganesh Venkatesh and Hao Wu},
  title     = {Mixed Precision Training},
  journal   = {International Conference on Learning Representations},
  year      = {2018},
  url       = {https://arxiv.org/abs/1710.03740}
}

@article{Chen2019,
  author    = {Liang-Chieh Chen and George Papandreou and Florian Schroff and Hartwig Adam},
  title     = {Rethinking Atrous Convolution for Semantic Image Segmentation},
  journal   = {IEEE Transactions on Pattern Analysis and Machine Intelligence},
  year      = {2019},
  volume    = {42},
  number    = {4},
  pages     = {873--884},
  doi       = {10.1109/TPAMI.2019.2930815}
}

@article{Li2023,
  author    = {Yang Li and Shaohua Li and Xiangyu Chen and Guoliang Kang and Xuzhou Chen and Jiaya Jia},
  title     = {A Practical Survey on Faster and Lighter Transformers},
  journal   = {arXiv preprint arXiv:2103.14636},
  year      = {2023},
  url       = {https://arxiv.org/abs/2103.14636}
}

@article{Bakas2017,
  author    = {Spyridon Bakas and Hamed Akbari and Aristeidis Sotiras and Michel Bilello and Martin Rozycki and Justin S. Kirby and John B. Freymann and Keyvan Farahani and Christos Davatzikos},
  title     = {Advancing The Cancer Genome Atlas glioma MRI collections with expert segmentation labels and radiomic features},
  journal   = {Scientific Data},
  volume    = {4},
  pages     = {170117},
  year      = {2017},
  doi       = {10.1038/sdata.2017.117}
}

@article{Menze2015,
  author    = {Bjoern H. Menze and Andras Jakab and Stefan Bauer and Jayashree Kalpathy-Cramer and Keyvan Farahani and Justin Kirby and Yuliya Burren and Nicole Porz and Johannes Slotboom and Roland Wiest and Levente Lanczi and Elizabeth Gerstner and Marc-Andr√© Weber and Tal Arbel and Brian B. Avants and Nicholas Ayache and Patricia Buendia and D. Louis Collins and Nicolas Cordier and Jason J. Corso and Antonio Criminisi and Tilak Das and Herve Delingette and √áaƒüatay Demiralp and Christopher R. Durst and Michel Dojat and Senan Doyle and Joana Festa and Florence Forbes and Ezequiel Geremia and Ben Glocker and Polina Golland and Xiaotao Guo and Andac Hamamci and Khan M. Iftekharuddin and Raj Jena and Nigel M. John and Ender Konukoglu and Danial Lashkari and Jos√© Antonio Mariz and Raphael Meier and S√©rgio Pereira and Doina Precup and Stephen J. Price and Tammy Riklin Raviv and Syed M. S. Reza and Michael Ryan and Duygu Sarikaya and Lawrence Schwartz and Hoo-Chang Shin and Jamie Shotton and Carlos A. Silva and Nuno Sousa and Nagesh K. Subbanna and Gabor Szekely and Thomas J. Taylor and Owen M. Thomas and Nicholas J. Tustison and G√∂zde Unal and Flor Vasseur and Max Wintermark and Dong Hye Ye and Liang Zhao and Binsheng Zhao and Darko Zikic and Marcel Prastawa and Mauricio Reyes and Koen Van Leemput},
  title     = {The Multimodal Brain Tumor Image Segmentation Benchmark (BRATS)},
  journal   = {IEEE Transactions on Medical Imaging},
  volume    = {34},
  number    = {10},
  pages     = {1993--2024},
  year      = {2015},
  doi       = {10.1109/TMI.2014.2377694}
}

@article{Isensee2021,
  author    = {Fabian Isensee and Paul F. Jaeger and Simon A. A. Kohl and Jens Petersen and Klaus H. Maier-Hein},
  title     = {nnU-Net: a self-configuring method for deep learning-based biomedical image segmentation},
  journal   = {Nature Methods},
  volume    = {18},
  pages     = {203--211},
  year      = {2021},
  doi       = {10.1038/s41592-020-01008-z}
}
